<record><leader>00000cas a22000007a 4500</leader><controlfield tag="001">1642689</controlfield><controlfield tag="008">750921d18521868wiuwx ne      0    0nor d</controlfield><controlfield tag="009">501</controlfield><datafield ind1=" " ind2=" " tag="010"><subfield code="a">sn 83047106 </subfield></datafield><datafield ind1=" " ind2=" " tag="040"><subfield code="a">MUL</subfield><subfield code="b">eng</subfield><subfield code="c">MUL</subfield><subfield code="d">NPW</subfield><subfield code="d">DLC</subfield><subfield code="d">NPW</subfield><subfield code="d">NPV</subfield><subfield code="d">MN#</subfield><subfield code="d">OCL</subfield><subfield code="d">WIH</subfield></datafield><datafield ind1="1" ind2=" " tag="029"><subfield code="a">AU@</subfield><subfield code="b">000020227776</subfield></datafield><datafield ind1=" " ind2=" " tag="042"><subfield code="a">msc</subfield></datafield><datafield ind1="0" ind2=" " tag="130"><subfield code="a">Emigranten (Inmansville, Wis.)</subfield></datafield><datafield ind1="0" ind2="0" tag="245"><subfield code="a">Emigranten.</subfield></datafield><datafield ind1=" " ind2=" " tag="260"><subfield code="a">Inmansville, Rock Co., Wis. :</subfield><subfield code="b">Skandinaviske presse-forening,</subfield><subfield code="c">1852-1868.</subfield></datafield><datafield ind1=" " ind2=" " tag="300"><subfield code="a">17 v.</subfield></datafield><datafield ind1=" " ind2=" " tag="310"><subfield code="a">Weekly (irregular)</subfield></datafield><datafield ind1="0" ind2=" " tag="362"><subfield code="a">1ste aarg., no. 1 (23de jan. 1852)-17de aarg., no. 33 (24de aug. 1868).</subfield></datafield><datafield ind1=" " ind2=" " tag="500"><subfield code="a">Published in Madison, Wis., Apr. 20, 1857-Aug. 24, 1868.</subfield></datafield><datafield ind1=" " ind2=" " tag="500"><subfield code="a">Published by C. F. Solberg, Jan. 30, 1860-Aug. 24, 1868.</subfield></datafield><datafield ind1=" " ind2=" " tag="515"><subfield code="a">4de aarg., no. 1-17de aarg., no. 33, called also: L&#248;bende no. 157-l&#248;bende no. 843.</subfield></datafield><datafield ind1=" " ind2=" " tag="521"><subfield code="a">"Oldest and most widely circulated newspaper among the Scandinavians of America."</subfield></datafield><datafield ind1=" " ind2=" " tag="525"><subfield code="a">Includes supplements.</subfield></datafield><datafield ind1=" " ind2=" " tag="546"><subfield code="a">In Norwegian.</subfield></datafield><datafield ind1=" " ind2=" " tag="530"><subfield code="a">Available on microfilm from the Minnesota Historical Society.</subfield></datafield><datafield ind1=" " ind2="0" tag="650"><subfield code="a">Scandinavians</subfield><subfield code="z">United States</subfield><subfield code="v">Newspapers.</subfield></datafield><datafield ind1=" " ind2="0" tag="651"><subfield code="a">Inmansville (Wis.)</subfield><subfield code="v">Newspapers.</subfield></datafield><datafield ind1=" " ind2="0" tag="651"><subfield code="a">Madison (Wis.)</subfield><subfield code="v">Newspapers.</subfield></datafield><datafield ind1=" " ind2=" " tag="752"><subfield code="a">United States</subfield><subfield code="b">Wisconsin</subfield><subfield code="c">Rock</subfield><subfield code="d">Inmansville.</subfield></datafield><datafield ind1=" " ind2=" " tag="752"><subfield code="a">United States</subfield><subfield code="b">Wisconsin</subfield><subfield code="c">Dane</subfield><subfield code="d">Madison.</subfield></datafield><datafield ind1="0" ind2="7" tag="785"><subfield code="t">Faedrelandet</subfield><subfield code="w">(DLC)sn 83045204</subfield></datafield><datafield ind1="0" ind2="7" tag="785"><subfield code="t">Faedrelandet og emigranten</subfield><subfield code="w">(DLC)sn 83045520</subfield></datafield></record>